<?xml version="1.0" encoding="UTF-8"?>
<record xmlns="http://www.loc.gov/MARC21/slim">
   <leader>01182cam a22003135  4500</leader>
   <controlfield tag="001">1633254</controlfield>
   <controlfield tag="003">NjP</controlfield>
   <controlfield tag="005">20190705143729.0</controlfield>
   <controlfield tag="008">991206s1949    ir c          000 0 ara d</controlfield>
   <datafield tag="024" ind1="7" ind2=" ">
      <subfield code="a">princeton_aco003939</subfield>
      <subfield code="2">local</subfield>
   </datafield>
   <datafield ind1=" " ind2=" " tag="040">
      <subfield code="a">PUL</subfield>
      <subfield code="c">PUL</subfield>
      <subfield code="d">PUL</subfield>
   </datafield>
   <datafield ind1=" " ind2=" " tag="035">
      <subfield code="9">CFE4028TS</subfield>
   </datafield>
   <datafield ind1=" " ind2=" " tag="035">
      <subfield code="a">(NjP)1633254</subfield>
   </datafield>
   <datafield ind1=" " ind2=" " tag="049">
      <subfield code="a">PULL</subfield>
   </datafield>
   <datafield ind1=" " ind2=" " tag="035">
      <subfield code="a">(OCoLC)ocm42939233</subfield>
   </datafield>
   <datafield ind1="1" ind2=" " tag="100">
      <subfield code="6">880-01</subfield>
      <subfield code="a">Rashtī, ʻAbd al-Ḥusayn ibn ʻĪsā,</subfield>
      <subfield code="d">1875-</subfield>
   </datafield>
   <datafield ind1="0" ind2="0" tag="245">
      <subfield code="6">880-02</subfield>
      <subfield code="a">Kashf al-ishtibāh [fī radd Mūsā Jār Allāh]</subfield>
   </datafield>
   <datafield ind1=" " ind2=" " tag="260">
      <subfield code="a">Tehran,</subfield>
      <subfield code="c">1949.</subfield>
   </datafield>
   <datafield ind1=" " ind2=" " tag="300">
      <subfield code="a">215 p.</subfield>
      <subfield code="b">port.</subfield>
      <subfield code="c">22 cm.</subfield>
   </datafield>
   <datafield ind1=" " ind2=" " tag="546">
      <subfield code="a">In Arabic.</subfield>
   </datafield>
   <datafield ind1=" " ind2=" " tag="500">
      <subfield code="a">2d ed.</subfield>
   </datafield>
   <datafield ind1="1" ind2="0" tag="600">
      <subfield code="6">880-03</subfield>
      <subfield code="a">Turkistānī, Mūsá Jār Allāh ibn Fāṭimah.</subfield>
      <subfield code="t">Washīʻah fī naqd ʻaqāʼid al-Shīʻah.</subfield>
   </datafield>
   <datafield ind1=" " ind2="0" tag="650">
      <subfield code="a">Shiites.</subfield>
      <subfield code="0">http://id.loc.gov/authorities/subjects/sh85121432</subfield>
   </datafield>
   <datafield ind1="1" ind2=" " tag="880">
      <subfield code="6">100-01/r</subfield>
      <subfield code="a">رشتي، عبد الحسين بن عيسا،</subfield>
      <subfield code="d">1875-</subfield>
   </datafield>
   <datafield ind1="0" ind2="0" tag="880">
      <subfield code="6">245-02/r</subfield>
      <subfield code="a">كشف الاشتباه [في رد موسا جار الله]</subfield>
   </datafield>
   <datafield ind1="1" ind2="0" tag="880">
      <subfield code="6">600-03/r</subfield>
      <subfield code="a">تركستاني، موسى جار الله بن فاطمة.</subfield>
      <subfield code="t">وشيعة في نقد عقائد الشيعة.</subfield>
   </datafield>
   <datafield ind1=" " ind2=" " tag="947">
      <subfield code="a">CFE4028</subfield>
   </datafield>
   <datafield ind1=" " ind2=" " tag="911">
      <subfield code="a">20000220</subfield>
   </datafield>
   <datafield ind1=" " ind2=" " tag="994">
      <subfield code="a">C0</subfield>
      <subfield code="b">PUL</subfield>
   </datafield>
   <datafield ind1=" " ind2=" " tag="999">
      <subfield code="a">1633254</subfield>
   </datafield>
   <datafield ind1=" " ind2=" " tag="979">
      <subfield code="a">(OCoLC)ocn177517702</subfield>
   </datafield>
   <datafield ind1="0" ind2="0" tag="852">
      <subfield code="0">1883692</subfield>
      <subfield code="b">rcppa</subfield>
      <subfield code="t">0</subfield>
      <subfield code="h">BP80.T87</subfield>
      <subfield code="i">R374 1949</subfield>
      <subfield code="x">tr fr nec</subfield>
   </datafield>
   <datafield ind1=" " ind2=" " tag="959">
      <subfield code="a">2000-06-13 00:00:00 -0400</subfield>
   </datafield>
</record>
